@book{manning08,
    author = {Christopher D. Manning},
    title = {Introduction to Information Retrieval},
    publisher = {Cambridge University Press},
    year = {2008},
    edition = {1st}
}

@article(gudivada95,
    author = {Gudivada, V.N. and Raghavan, V.V.}, 
    journal = {Computer}, 
    title = {Content based image retrieval systems}, 
    year = {1995}, 
    month = {Sep}, 
    volume = {28}, 
    number = {9}, 
    pages = {18-22}
)

@inproceedings{kiros14a,
    author = {Ryan Kiros and Ruslan Salakhutdinov and Richard Zemel},
    booktitle = {International Conference on Machine Learning (ICML'14)},
    title = {Multimodal neural language models},
    year = {2014}
}

@book{strzalkowski07,
    author = {Tomek Strzalkowski and Sanda Harabagiu},
    title = {Advances in Open Domain Question Answering},
    year = {2007},
    isbn = {1402047452, 9781402047459},
    edition = {1st},
    publisher = {Springer Publishing Company, Incorporated},
}

@inproceedings{malinowski14b,
    author = {Mateusz Malinowski and Mario Fritz},
    booktitle = {Neural Information Processing Systems (NIPS'14)},
    title = {A multi-world approach to question answering about real-World scenes based on uncertain Input},
    year = {2014},
    url = {http://arxiv.org/abs/1410.0210},
}

@inproceedings{wu94,
    author = {Zhibiao Wu and Martha Palmer},
    title = {Verb Semantics And Lexical Selection},
    booktitle = {In Proceedings of the 32nd Annual Meeting of the Association for Computational Linguistics},
    year = {1994},
    pages = {133--138}
}

@inproceedings{silberman12,
    author = {Nathan Silberman, Derek Hoiem, Pushmeet Kohli and Rob Fergus},
    title = {Indoor Segmentation and Support Inference from RGBD Images},
    booktitle = {ECCV},
    year = {2012}
}

@article{karpathy14,
    author = {Andrej Karpathy and Armand Joulin and Li Fei{-}Fei},
    title = {Deep Fragment Embeddings for Bidirectional Image Sentence Mapping},
    journal = {CoRR},
    year = {2014},
    volume = {abs/1406.5679},
    url = {http://arxiv.org/abs/1406.5679},
}

@book{du2014,
    author = {Ke-Lin Du and M. N. S. Swamy},
    title = {Neural Networks and Statistical Learning},
    year = {2014},
    publisher = {Springer},
    isbn = {144715570X,9781447155713}
}

@inproceedings{frome13,
    author = {Andrea Frome and Gregory S. Corrado and Jonathon Shlens and Samy Bengio and Jeffrey Dean and Marc'Aurelio Ranzato and Tomas Mikolov},
    title = {DeViSE: {A} Deep Visual-Semantic Embedding Model},
    booktitle = {Advances in Neural Information Processing Systems 26: 27th Annual Conference on Neural Information Processing Systems 2013.},
    pages = {2121--2129},
    year = {2013},
}

@article{malinowski14a,
    author = {Mateusz Malinowski and Mario Fritz},
    title = {Towards a Visual Turing Challenge},
    journal = {CoRR},
    volume = {abs/1410.8027},
    year = {2014},
    url = {http://arxiv.org/abs/1410.8027},
}

@article{liang13,
  author = {Percy Liang and Michael I. Jordan and Dan Klein},
  title = {Learning Dependency-Based Compositional Semantics},
  journal = {Computational Linguistics},
  volume = {39},
  number = {2},
  pages = {389--446},
  year = {2013},
}

neural language model need 1-2
@inproceedings{mnih07,
    author = {Andriy Mnih and Geoffrey E. Hinton},
    title = {Three new graphical models for statistical language modelling},
    booktitle = {Machine Learning, Proceedings of the Twenty-Fourth International Conference {(ICML} 2007), Corvallis, Oregon, USA, June 20-24, 2007},
    pages = {641--648},
    year = {2007},
}

@inproceedings{mikolov10,
    author = {Tomas Mikolov and Martin Karafi{\'{a}}t and Lukas Burget and Jan Cernock{\'{y}} and Sanjeev Khudanpur},
    title = {Recurrent neural network based language model},
    booktitle = {{INTERSPEECH} 2010, 11th Annual Conference of the International Speech Communication Association, Makuhari, Chiba, Japan, September 26-30, 2010},
    pages = {1045--1048},
    year = {2010},
}

@article{dahl12,
    author = {George E. Dahl and Dong Yu and Li Deng and Alex Acero},
    title = {Context-Dependent Pre-Trained Deep Neural Networks for Large-Vocabulary
               Speech Recognition},
    journal = {{IEEE} Transactions on Audio, Speech {\&} Language Processing},
    volume = {20},
    number = {1},
    pages = {30--42},
    year = {2012},
}

@inproceedings{deng13,
    author = {Li Deng and Jinyu Li and Jui{-}Ting Huang and Kaisheng Yao and Dong Yu and Frank Seide and  Michael L. Seltzer and Geoffrey Zweig and Xiaodong He and Jason Williams and Yifan Gong and Alex Acero},
    title = {Recent advances in deep learning for speech research at Microsoft},
    booktitle = {{IEEE} International Conference on Acoustics, Speech and Signal Processing, {ICASSP} 2013, Vancouver, BC, Canada, May 26-31, 2013},
    pages = {8604--8608},
    year = {2013},
}

@book{hassoun03,
    author = {Mohamad Hassoun},
    title = {Fundamentals of Artificial Neural Networks},
    publisher = {A Bradford Book},
    year = {2003},
    isbn = {0262514672, 9780262514675},
}

@misc{ffnn,
    author = {Kjell Magne Fauske},
    title = {Example: Neural Network},
    year = {2006},
    url = {http://www.texample.net/tikz/examples/neural-network/}
}

@misc{cnn,
    author={DeepLearning.net},
    title={LeNet},
    url={http://deeplearning.net/tutorial/lenet.html},
}

@article{srivastava14,
    author = {Nitish Srivastava and Geoffrey Hinton and Alex Krizhevsky and Ilya Sutskever and Ruslan Salakhutdinov},
    title = {Dropout: A Simple Way to Prevent Neural Networks from Overfitting},
    journal = {Journal of Machine Learning Research},
    year = {2014},
    volume = {15},
    pages = {1929-1958},
    url = {http://jmlr.org/papers/v15/srivastava14a.html}
}

@article{lecun98, 
    author={Yann Lecun and L\'{e}on Bottou and Yoshua Bengio and Patrick Haffner}, 
    journal={Proceedings of the IEEE}, 
    title={Gradient-based learning applied to document recognition}, 
    year={1998}, 
    month={Nov}, 
    volume={86}, 
    number={11}, 
    pages={2278-2324}, 
}
@inproceedings{krizhevsky12,
    author = {Alex Krizhevsky and Ilya Sutskever and Geoffrey E. Hinton},
    title = {ImageNet Classification with Deep Convolutional Neural Networks},
    booktitle = {Advances in Neural Information Processing Systems 25: 26th Annual Conference on Neural Information Processing Systems 2012.},
    pages = {1106--1114},
    year = {2012},
}

@inproceedings{girshick14,
    author = {Ross B. Girshick and Jeff Donahue and  Trevor Darrell and Jitendra Malik},
    title = {Rich Feature Hierarchies for Accurate Object Detection and Semantic  Segmentation},
    booktitle = {2014 {IEEE} Conference on Computer Vision and Pattern Recognition, {CVPR} 2014, Columbus, OH, USA, June 23-28, 2014},
    pages = {580--587},
    year = {2014},
}

@article{hochreiter97,
    author = {Sepp Hochreiter and J{\"{u}}rgen Schmidhuber},
    title = {Long Short-Term Memory},
    journal = {Neural Computation},
    volume = {9},
    number = {8},
    pages = {1735--1780},
    year = {1997},
}

@article{mozer95,
    author = {M. C Mozer},
    title = {A Focused Backpropagation Algorithm for Temporal Pattern Recognition},
    journal = {Complex Systems},
    year = {1995},
}

@inproceedings{pascanu13,
    author = {Razvan Pascanu and Tomas Mikolov and Yoshua Bengio},
    title = {On the difficulty of training recurrent neural networks},
    booktitle = {Proceedings of the 30th International Conference on Machine Learning, {ICML} 2013},
    pages = {1310--1318},
    year = {2013},
}

@article{zaremba14,
    author = {Wojciech Zaremba and Ilya Sutskever and Oriol Vinyals},
    title = {Recurrent Neural Network Regularization},
    journal = {CoRR},
    volume = {abs/1409.2329},
    year = {2014},
    url = {http://arxiv.org/abs/1409.2329},
}

@book{zipf49,
    author = {Zipf, George K.},
    keywords = {bibtex-import, scale-free},
    publisher = {Addison-Wesley},
    title = {{Human Behavior and the Principle of Least Effort}},
    year = {1949}
}

@article{bengio03,
    author = {Yoshua Bengio and R{\'{e}}jean Ducharme and Pascal Vincent and Christian Janvin},
    title = {A Neural Probabilistic Language Model},
    journal = {Journal of Machine Learning Research},
    volume = {3},
    pages = {1137--1155},
    year = {2003},
    url = {http://www.jmlr.org/papers/v3/bengio03a.html},
}

@article{weston10,
    author = {Jason Weston and Samy Bengio and Nicolas Usunier},
    title = {Large scale image annotation: learning to rank with joint word-image embeddings},
    journal = {Machine Learning},
    volume = {81},
    number = {1},
    pages = {21--35},
    year = {2010},
}

@inproceedings{kulkarni11,
    author = {Girish Kulkarni and Visruth Premraj and Sagnik Dhar and Siming Li and Yejin Choi and Alexander C. Berg and Tamara L. Berg},
    title = {Baby talk: Understanding and generating simple image descriptions},
    booktitle = {The 24th {IEEE} Conference on Computer Vision and Pattern Recognition, {CVPR} 2011, Colorado Springs, CO, USA, 20-25 June 2011},
    pages = {1601--1608},
    year = {2011},
}

@inproceedings{mitchell12,
    author = {Margaret Mitchell and Jesse Dodge and Amit Goyal and Kota Yamaguchi and Karl Stratos and Xufeng Han and Alyssa Mensch and Alexander C. Berg and Tamara L. Berg and Hal Daum{\'{e}} III},
    title = {Midge: Generating Image Descriptions From Computer Vision Detections},
    booktitle = {{EACL} 2012, 13th Conference of the European Chapter of the Association for Computational Linguistics, Avignon, France, April 23-27, 2012},
    pages = {747--756},
    year = {2012},
}

@article{kiros14b,
    author = {Ryan Kiros and Ruslan Salakhutdinov and Richard S. Zemel},
    title = {Unifying Visual-Semantic Embeddings with Multimodal Neural Language Models},
    journal = {CoRR},
    volume = {abs/1411.2539},
    year = {2014},
    url = {http://arxiv.org/abs/1411.2539},
}

@article{lewis12,
    author = {Burn L. Lewis},
    title = {In the game: The interface between Watson and Jeopardy!},
    journal = {{IBM} Journal of Research and Development},
    volume = {56},
    number = {3},
    pages = {17},
    year = {2012},
    url = {http://dx.doi.org/10.1147/JRD.2012.2188932},
}

@article{weston14,
    author = {Jason Weston and Sumit Chopra and Antoine Bordes},
    title = {Memory Networks},
    journal = {CoRR},
    volume = {abs/1410.3916},
    year = {2014},
    url = {http://arxiv.org/abs/1410.3916},
}

@misc{kiros15,
    author = {Ryan Kiros},
    date = "2015",
    howpublished = "personal communication"
}

@article{sutskever14,
    author = {Ilya Sutskever and Oriol Vinyals and Quoc V. Le},
    title = {Sequence to Sequence Learning with Neural Networks},
    journal = {CoRR},
    volume = {abs/1409.3215},
    year = {2014},
    url = {http://arxiv.org/abs/1409.3215},
}

@article{luong14,
    author = {Thang Luong and Ilya Sutskever and Quoc V. Le and Oriol Vinyals and Wojciech Zaremba},
    title = {Addressing the Rare Word Problem in Neural Machine Translation},
    journal = {CoRR},
    volume = {abs/1410.8206},
    year = {2014},
    url = {http://arxiv.org/abs/1410.8206},
}

@inproceedings{bleu,
    author = {Kishore Papineni and Salim Roukos and Todd Ward and Wei-jing Zhu},
    title = {{Bleu: a Method for Automatic Evaluation of Machine Translation}},
    booktitle = {Meeting of the Association for Computational Linguistics},
    year = {2002},
    pages = {311--318},
}

@InProceedings{pang02,
    author = {Bo Pang and Lillian Lee and Shivakumar Vaithyanathan},
    title = {Thumbs up?  Sentiment Classification using Machine Learning Techniques},
    booktitle = "Proceedings of the 2002 Conference on Empirical Methods in Natural Language Processing (EMNLP)",
    year = 2002
}

@article{mikolov13,
    author = {Tomas Mikolov and Kai Chen and Greg Corrado and Jeffrey Dean},
    title = {Efficient Estimation of Word Representations in Vector Space},
    journal = {CoRR},
    volume = {abs/1301.3781},
    year = {2013},
    url = {http://arxiv.org/abs/1301.3781},
}

@article{kim14,
    author = {Yoon Kim},
    title = {Convolutional Neural Networks for Sentence Classification},
    journal = {CoRR},
    volume = {abs/1408.5882},
    year  = {2014},
    url = {http://arxiv.org/abs/1408.5882},
}

@article{dong14,
  author = {Li Dong and Furu Wei and Shujie Liu and Ming Zhou and Ke Xu},
  title = {A Statistical Parsing Framework for Sentiment Classification},
  journal = {CoRR},
  volume = {abs/1401.6330},
  year = {2014},
  url = {http://arxiv.org/abs/1401.6330},
}

@inproceedings{socher11,
    author = {Richard Socher and Jeffrey Pennington and Eric H. Huang and Andrew Y. Ng and Christopher D. Manning},
    title = {Semi-Supervised Recursive Autoencoders for Predicting Sentiment Distributions},
    booktitle = {Proceedings of the 2011 Conference on Empirical Methods in Natural Language Processing, {EMNLP} 2011, 27-31 July 2011, John McIntyre Conference Centre, Edinburgh, UK, {A} meeting of SIGDAT, a Special Interest Group of the {ACL}},
    pages = {151--161},
    year = {2011},
}

@article{vinyals14,
    author = {Oriol Vinyals and Alexander Toshev and Samy Bengio and Dumitru Erhan},
    title = {Show and Tell: {A} Neural Image Caption Generator},
    journal = {CoRR},
    volume = {abs/1411.4555},
    year = {2014},
    url = {http://arxiv.org/abs/1411.4555},
}

@article{simonyan14,
    author = {Karen Simonyan and Andrew Zisserman},
    title = {Very Deep Convolutional Networks for Large-Scale Image Recognition},
    journal = {CoRR},
    volume = {abs/1409.1556},
    year = {2014},
    url = {http://arxiv.org/abs/1409.1556},
}

@article{flickr8k,
    author = {Micah Hodosh and Peter Young and Julia Hockenmaier},
    title = {Framing Image Description as a Ranking Task: Data, Models and Evaluation Metrics},
    journal = {J. Artif. Intell. Res. {(JAIR)}},
    volume = {47},
    pages = {853--899},
    year  = {2013},
}

@inproceedings{mscoco,
    author = {Tsung{-}Yi Lin and Michael Maire and Serge Belongie and James Hays and Pietro Perona and Deva Ramanan and Piotr Doll{\'{a}}r and C. Lawrence Zitnick},
    title = {Microsoft {COCO:} Common Objects in Context},
    booktitle = {Computer Vision - {ECCV} 2014 - 13th European Conference, Zurich, Switzerland, September 6-12, 2014, Proceedings, Part {V}},
    pages = {740--755},
    year = {2014},
}

@article{xu15,
    author = {Kelvin Xu and Jimmy Ba and Ryan Kiros and Kyunghyun Cho and Aaron Courville and 
    Ruslan Salakhutdinov and Richard S. Zemel and Yoshua Bengio},
    title = "{Show, Attend and Tell: Neural Image Caption Generation with Visual Attention}",
    journal = {ArXiv e-prints},
    archivePrefix = "arXiv",
    eprint = {1502.03044},
    year = 2015,
    month = feb,
}

@inproceedings{klein03,
    author = {Dan Klein and Christopher D. Manning},
    title = {Accurate Unlexicalized Parsing},
    booktitle = {In proceedings of the 41st Annual Meeting of the Association for Computational Linguistics},
    year = {2003},
    pages = {423--430},
    publisher = {}
}

@article{caffe,
    author = {Jia, Yangqing and Shelhamer, Evan and Donahue, Jeff and Karayev, Sergey and Long, Jonathan and Girshick, Ross and Guadarrama, Sergio and Darrell, Trevor},
    journal = {arXiv preprint arXiv:1408.5093},
    title = {Caffe: Convolutional Architecture for Fast Feature Embedding},
    year = {2014}
}

@inproceedings{yosinski14,
    author = {Jason Yosinski and Jeff Clune and Yoshua Bengio and Hod Lipson},
    title = {How transferable are features in deep neural networks?},
    booktitle = {Advances in Neural Information Processing Systems 27: Annual Conference on Neural Information Processing Systems 2014, December 8-13 2014, Montreal, Quebec, Canada},
    pages = {3320--3328},
    year = {2014},
    url = {http://papers.nips.cc/paper/5347-how-transferable-are-features-in-deep-neural-networks}
}

@book{borsley99,
    title = {Syntactic Theory: A Unified Approach},
    author = {R.D. Borsley},
    isbn = {9780340706107},
    lccn = {98047418},
    series = {Hodder Arnold Publication},
    year = {1999},
    publisher = {Arnold}
}

@book{chomsky73,
    title = {Conditions on Transformations},
    author = {Noam Chomsky}, 
    year = {1973},
    pages = {232--286},
    publisher = {Academic Press},
    address = {New York}
}

@book{wordnet,
    address = {Cambridge, MA ; London},
    editor = {Fellbaum, Christiane},
    interhash = {42daa1681607dd1d3f3234c605d84ec3},
    intrahash = {2e282d8bb3aa81b255b179c0772b3bf7},
    isbn = {978-0-262-06197-1},
    month = May,
    publisher = {The MIT Press},
    title = {WordNet An Electronic Lexical Database },
    year = {1998}
}

@inproceedings{nltk,
    author = {Steven Bird},
    title = {{NLTK:} The Natural Language Toolkit},
    booktitle = {{ACL} 2006, 21st International Conference on Computational Linguistics and 44th Annual Meeting of the Association for Computational Linguistics,  Proceedings of the Conference, Sydney, Australia, 17-21 July 2006},
    year = {2006}
}

@misc{ilsvrc14,
    author = {Olga Russakovsky and Jia Deng and Hao Su and Jonathan Krause and Sanjeev Satheesh and Sean Ma and Zhiheng Huang and Andrej Karpathy and Aditya Khosla and Michael Bernstein and Alexander C. Berg and Li Fei-Fei},
    title = {{ImageNet Large Scale Visual Recognition Challenge}},
    year = {2014},
    howpublished = {arXiv:1409.0575},
}

@inproceedings{salton88,
    author = {Gerard Salton and Christopher Buckley},
    title = {Term-weighting approaches in automatic text retrieval},
    booktitle = {Information Processing and Management},
    year = {1988},
    pages = {513--523}
}

@inproceedings{ordonez11,
    author = {Vicente Ordonez and Girish Kulkarni and Tamara L. Berg},
    title = {Im2Text: Describing Images Using 1 Million Captioned Photographs},
    booktitle = {Neural Information Processing Systems ({NIPS})},
    year = {2011},
}

@article{heilman09,
    author= {Michael Heilman and Noah A. Smith},
    title = {Question Generation via Overgenerating Transformations and Ranking},
    year = {2009},
    number = {CMU-LTI-09-013},
    institution = {Language Technologies Institute, School of Computer Science, Carnegie Mellon University}
}